<record><leader>00000cas a2200000 a 4500</leader><controlfield tag="001">28493572</controlfield><controlfield tag="008">930723d19351947cauwr ne      0    0eng c</controlfield><datafield ind1=" " ind2=" " tag="010"><subfield code="a">sn 93051581 </subfield></datafield><datafield ind1=" " ind2=" " tag="040"><subfield code="a">CUY</subfield><subfield code="b">eng</subfield><subfield code="c">CNK</subfield><subfield code="d">OCLCQ</subfield><subfield code="d">CNK</subfield><subfield code="d">OCLCQ</subfield><subfield code="d">OCLCF</subfield><subfield code="d">OCLCO</subfield></datafield><datafield ind1="1" ind2=" " tag="029"><subfield code="a">AU@</subfield><subfield code="b">000025895304</subfield></datafield><datafield ind1=" " ind2=" " tag="042"><subfield code="a">pcc</subfield></datafield><datafield ind1=" " ind2=" " tag="043"><subfield code="a">n-us-ca</subfield></datafield><datafield ind1="0" ind2=" " tag="130"><subfield code="a">Independent-farmer (Yuba City, Calif.)</subfield></datafield><datafield ind1="1" ind2="4" tag="245"><subfield code="a">The independent-farmer.</subfield></datafield><datafield ind1=" " ind2=" " tag="260"><subfield code="a">Yuba City, Calif. :</subfield><subfield code="b">Yuba City Pub. Co.</subfield></datafield><datafield ind1=" " ind2=" " tag="300"><subfield code="a">v.</subfield></datafield><datafield ind1=" " ind2=" " tag="310"><subfield code="a">Weekly,</subfield><subfield code="b">Jan. 18, 1945-July 31, 1947</subfield></datafield><datafield ind1=" " ind2=" " tag="321"><subfield code="a">Semiweekly,</subfield><subfield code="b">Mar. 19, 1935-Jan. 12, 1945</subfield></datafield><datafield ind1="0" ind2=" " tag="362"><subfield code="a">Vol. 1, no. 1 (Mar. 19, 1935)-v. 23, no. 16 (July 31, 1947).</subfield></datafield><datafield ind1=" " ind2=" " tag="515"><subfield code="a">Issues for Mar. 19, 1935-Mar. 12, 1940 called also vol. 55, no. 3-v. 60, no. 2, and v. 48, no. 50-v. 58, no. 50, continuing the numbering designations of previous titles.</subfield></datafield><datafield ind1=" " ind2=" " tag="530"><subfield code="a">Master negatives are available for duplication from:</subfield><subfield code="b">California Newspaper Microfilm Archive;</subfield><subfield code="c">positive copies may be purchased by the reel; for further information consult the CNMA at:</subfield><subfield code="u">http://cbsr.ucr.edu</subfield></datafield><datafield ind1=" " ind2="0" tag="651"><subfield code="a">Sacramento Valley (Calif.)</subfield><subfield code="v">Newspapers.</subfield></datafield><datafield ind1=" " ind2="7" tag="655"><subfield code="a">Newspapers.</subfield><subfield code="2">fast</subfield><subfield code="0">(OCoLC)fst01423814</subfield></datafield><datafield ind1=" " ind2="7" tag="651"><subfield code="a">California</subfield><subfield code="z">Sacramento Valley.</subfield><subfield code="2">fast</subfield><subfield code="0">(OCoLC)fst01273298</subfield></datafield><datafield ind1=" " ind2=" " tag="752"><subfield code="a">United States</subfield><subfield code="b">California</subfield><subfield code="c">Sutter</subfield><subfield code="d">Yuba City.</subfield></datafield><datafield ind1="0" ind2="4" tag="780"><subfield code="t">Sutter independent</subfield><subfield code="w">(DLC)sn 95061731</subfield></datafield><datafield ind1="0" ind2="4" tag="780"><subfield code="t">Sutter County farmer</subfield><subfield code="w">(DLC)sn 86064465</subfield></datafield><datafield ind1="0" ind2="7" tag="785"><subfield code="t">Yuba City herald</subfield></datafield><datafield ind1="0" ind2="7" tag="785"><subfield code="t">Independent-herald (Yuba City, Calif. : 1947)</subfield><subfield code="w">(DLC)sn 93051582</subfield></datafield></record>